@misc{PacketLoss:wiki,
	title={Packet loss},
	howpublished={\url{http://en.wikipedia.org/wiki/Packet_loss}}
}

@misc{Mininet:official,
    title={Mininet},
    howpublished={\url{http://mininet.org}}
}

@misc{NetworkTopo:wiki,
	title={Network topology},
	howpublished={\url{http://en.wikipedia.org/wiki/Network_topology}}
}

@misc{NetworkDelay:web,
	title={Network Bandwidth and Latency},
	author={Bradley Mitchell}, 
	howpublished={\url{http://compnetworking.about.com/od/speedtests/a/network_latency.htm}}
}